<record><leader>00000cas a22000007a 4500</leader><controlfield tag="001">42582681</controlfield><controlfield tag="008">991006d19uu200ugu wr n       0   a0eng c</controlfield><datafield ind1=" " ind2=" " tag="010"><subfield code="a">sn 99006035 </subfield></datafield><datafield ind1=" " ind2=" " tag="040"><subfield code="a">NSD</subfield><subfield code="b">eng</subfield><subfield code="c">NSD</subfield><subfield code="d">OCLCQ</subfield><subfield code="d">HUH</subfield><subfield code="d">OCLCQ</subfield><subfield code="d">OCLCF</subfield><subfield code="d">OCLCO</subfield></datafield><datafield ind1=" " ind2=" " tag="012"><subfield code="j">0</subfield><subfield code="m">d</subfield></datafield><datafield ind1="1" ind2=" " tag="022"><subfield code="a">1527-0491</subfield><subfield code="l">1527-0491</subfield><subfield code="2">1</subfield></datafield><datafield ind1="1" ind2=" " tag="029"><subfield code="a">AU@</subfield><subfield code="b">000021136134</subfield></datafield><datafield ind1=" " ind2=" " tag="037"><subfield code="b">Abed &amp; Paz Younis, 960 South Marine Dr., Tamuning Plaza, Guam 96911-3403</subfield></datafield><datafield ind1=" " ind2=" " tag="042"><subfield code="a">nsdp</subfield><subfield code="a">pcc</subfield></datafield><datafield ind1=" " ind2=" " tag="043"><subfield code="a">pogu---</subfield></datafield><datafield ind1="0" ind2=" " tag="210"><subfield code="a">Guam variety</subfield></datafield><datafield ind1=" " ind2="0" tag="222"><subfield code="a">Guam variety</subfield></datafield><datafield ind1="0" ind2="0" tag="245"><subfield code="a">Guam variety.</subfield></datafield><datafield ind1=" " ind2=" " tag="260"><subfield code="a">Tamuning Plaza, Guam :</subfield><subfield code="b">Abed &amp; Paz Younis</subfield></datafield><datafield ind1=" " ind2=" " tag="300"><subfield code="a">v.</subfield></datafield><datafield ind1=" " ind2=" " tag="310"><subfield code="a">Weekly</subfield></datafield><datafield ind1=" " ind2=" " tag="588"><subfield code="a">Description based on: Vol. 1, no. 56 (Apr. 16, 1999).</subfield></datafield><datafield ind1=" " ind2=" " tag="588"><subfield code="a">Latest issue consulted: Vol. 1, no. 154 (Sept. 15, 1999).</subfield></datafield><datafield ind1=" " ind2="0" tag="651"><subfield code="a">Guam</subfield><subfield code="v">Newspapers.</subfield></datafield><datafield ind1=" " ind2="7" tag="655"><subfield code="a">Newspapers.</subfield><subfield code="2">fast</subfield><subfield code="0">(OCoLC)fst01423814</subfield></datafield><datafield ind1=" " ind2="7" tag="651"><subfield code="a">Guam.</subfield><subfield code="2">fast</subfield><subfield code="0">(OCoLC)fst01202671</subfield></datafield><datafield ind1=" " ind2=" " tag="752"><subfield code="a">United States</subfield><subfield code="b">Guam</subfield><subfield code="d">Tamuning.</subfield></datafield><datafield ind1="0" ind2="0" tag="780"><subfield code="t">Marianas variety</subfield><subfield code="w">(OCoLC)8488057</subfield></datafield><datafield ind1="0" ind2="0" tag="785"><subfield code="t">Marianas variety (Tamuning, Guam : 2002)</subfield><subfield code="x">1541-7093</subfield><subfield code="w">(DLC)  2002212966</subfield><subfield code="w">(OCoLC)50574839</subfield></datafield></record>